<?xml version="1.0" encoding="UTF-8"?><collection xmlns="http://www.loc.gov/MARC21/slim"><record><leader>00537nam--2200169-i-4500</leader><controlfield tag="001">000030063</controlfield><controlfield tag="002">20161230</controlfield><controlfield tag="005">20161230201038</controlfield><controlfield tag="008">060222s1000------------r-----000-0-eng-d</controlfield><datafield ind1=" " ind2=" " tag="040"><subfield code="a">IFIN-HH</subfield></datafield><datafield ind1=" " ind2=" " tag="080"><subfield code="a">535</subfield></datafield><datafield ind1="1" ind2=" " tag="100"><subfield code="a">Luckiesh, Mattew</subfield></datafield><datafield ind1="1" ind2="0" tag="245"><subfield code="a">Light, vision and seeing</subfield><subfield code="b">A Simplified Presentation of Their Relationships and Their Importance in Human Efficiency and Welfare</subfield><subfield code="c">Mattew luckiesh</subfield></datafield><datafield ind1=" " ind2=" " tag="260"><subfield code="a">LONDON</subfield><subfield code="b">D. VAN NOSTRAND COMPANY, Inc</subfield><subfield code="c">1948</subfield></datafield><datafield ind1=" " ind2=" " tag="300"><subfield code="a">XIV + 323P</subfield></datafield><datafield ind1=" " ind2=" " tag="852"><subfield code="a">1048</subfield><subfield code="c">535</subfield></datafield><datafield ind1=" " ind2=" " tag="CAT"><subfield code="a">Sys</subfield><subfield code="c">20101014</subfield><subfield code="h">143407</subfield></datafield></record></collection>